@ONLINE {3D-projection,
    title = "3D projection",
    month = "may",
    year  = "2021",
    url   = "https://en.wikipedia.org/wiki/3D_projection",
}
@online{ProjectionVideo,
    author = {Javidx},
    title  = {Code-It-Yourself! 3D Graphics Engine Part \#1 - Triangles \& Projection},
    month  = {jul},
    year   = {2018},
    url    = {https://www.youtube.com/watch?v=ih20l3pJoeU\&t=1664s}
}