@online{FractalDefinition,
  title = {Fractal},
  month = {may},
  year  = {2021},
  url   = {https://en.wikipedia.org/wiki/Fractal}
}

@online{FractalDefinitionVideo,
  author = {3Blue1Brown},
  title  = {Fractals are typically not self-similar},
  month  = {jan},
  year   = {2017},
  url    = {https://www.youtube.com/watch?v=gB9n2gHsHN4}
}

@online{HausdorffDimension,
  title = {Hausdorff dimension},
  month = {jan},
  year  = {2021},
  url   = {https://en.wikipedia.org/wiki/Hausdorff_dimension}
}

@ONLINE {FractalDimensionsVideo,
    author = {Vu Do Math},
    title  = {Fractal dimensions. What, why, how to.},
    month  = {apr},
    year   = {2020},
    url    = {https://www.youtube.com/watch?v=v273ElS1TRU}
}

@misc{irvsic2015fraktalna,
  title={Fraktalna dimenzija},
  author={IR{\v{S}}IC, VESNA},
  year={2015},
  publisher={Matrika}
}

@ONLINE {IFS,
    title = {Iterated function system},
    month = {may},
    year  = {2021},
    url   = {https://en.wikipedia.org/wiki/Iterated_function_system}
}

@ONLINE {ChaosGame,
    title = {Chaos game},
    month = {apr},
    year  = {2021},
    url   = {https://en.wikipedia.org/wiki/Chaos_game}
}

@ONLINE {LSystem,
    title = {L-system},
    month = {may},
    year  = {2021},
    url   = {https://en.wikipedia.org/wiki/L-system}
}

@ONLINE {FSR,
    title = {Finite subdivision rule},
    month = {apr},
    year  = {2021},
    url   = {https://en.wikipedia.org/wiki/Finite_subdivision_rule}
}

@ONLINE {MandelbrotSet,
    title = {Mandelbrotova mno≈æica},
    month = {nov},
    year  = {2014},
    url   = {https://sl.wikipedia.org/wiki/Mandelbrotova_mno%C5%BEica}
}